@incollection{Dataset01,
	title = {A Collection of Dental X-ray Images for Analysis, a Comprehensive Dental X-ray Dataset for Machine Learning},
	editor = {Vipul A.},
	address = {RV University, Bengaluru},
	year = {2024},
	_url = {https://www.kaggle.com/datasets/kvipularya/a-collection-of-dental-x-ray-images-for-analysis/data},
	author = {Vipul A.}
}

@incollection{Dataset02,
	title = {teeth\_dataset},
	editor = {Benfares A.},
	year = {2024},
	_url = {https://www.kaggle.com/datasets/anassbenfares/teeth-dataset},
	author = {Benfares A.}
}

@incollection{Dataset03,
	title = {Teeth Segmentation on dental X-ray images},
	editor = {Humans in the Loop},
	address = {Sofia, Bulgaria},
	year = {2023},
	_url = {https://www.kaggle.com/datasets/humansintheloop/teeth-segmentation-on-dental-x-ray-images/data},
	author = {Humans in the Loop}
}

@incollection{Dataset04,
	title = {Panoramic Dental X-rays With Segmented Mandibles},
	editor = {Abdi A. H., Kasaei S. and Mehdizadeh M.},
	Booktitle = {Med. Imaging},
	Volume = {2},
	address = {Sofia, Bulgaria},
	year = {2020},
	_url = {https://data.mendeley.com/datasets/hxt48yk462/2},
	author = {Abdi A. H., Kasaei S. and Mehdizadeh M.}
}

@incollection{Dataset05,
	title = {Dental OPG XRAY, Learnify Research Lab},
	editor = {Sharia A. T.},
	address = {AIUB, Dhaka, Dhaka Division, Bangladesh},
	year = {2024},
	_url = {https://www.kaggle.com/datasets/arfintanim/dental-opg-xray},
	author = {Sharia A. T.}
}

@incollection{Dataset06,
	title = {Gender Labelled Panoramic Dental X‑ray},
	editor = {Wenchi K.},
	year = {2024},
	_url = {https://www.kaggle.com/datasets/wenchik/gender-labelled-panoramic-dental-xray},
	author = {Wenchi K.}
}

@article{JMI,
  author    = {Abdi A. H., Kasaei S. and Mehdizadeh M.},
  title     = {Automatic segmentation of mandible in panoramic x-ray},
  journal   = {JMI, Journal of Medical Imaging},
  Booktitle = {J Med Imaging (Bellingham)},
  year      = {2015},
  doi       = {10.1117/1.JMI.2.4.044003},
  timestamp = {2015 Nov 18;2(4):044003},
  biburl    = {https://pmc.ncbi.nlm.nih.gov/articles/PMC4652330/}
}

@article{IntelligentVisionLab,
	Author = {Gil J., Jefferson F., Marco R.},
	Editor = {Kalyf A., Matheus P., Luciano O.},
	Journal = {tooth\_segmentation},
	Note = {Intelligent Vision Research Lab Federal University of Bahia.  Southeast State University of Bahia},
	Publisher = {MDPI},
	Title = {Deep instance segmentation of teeth in panoramic X-ray images},
	Url = {https://ivisionlab.ufba.br/doc/publication/2018/tooth_segmentation.pdf},
	Year = 2018}
}

@article{JournalofScienceandTechnology,
	Author = {Serdar H., Andac H.},
	Doi = {10.48550/arXiv.2204.00095},
	Editor = {Serdar H., Andac H.},
	Journal = {Düzce University Journal of Science \& Technology},
	Month = oct,
	Note = {Department of Biomedical Engineering, Faculty of Engineering, Yeditepe University, İstanbul, TURKEY},
	Publisher = {MDPI},
	Title = {Tooth Instance Segmentation on Panoramic Dental Radiographs Using U-Nets and Morphological Processing},
	Url = {https://www.researchgate.net/publication/359709932_Tooth_Instance_Segmentation_on_Panoramic_Dental_Radiographs_Using_U-Nets_and_Morphological_Processing},
	Keywords = {Dental, Panoramic, Segmentation, Instance Segmentation, Counting, U-net},
	Year = {2022}
}

@incollection{teethsegmentation,
	title = {Segmentation-of-Teeth-in-Panoramic-X-ray-Image-Using-U-Net},
	editor = {Serdar H.},
	year = {2023},
	_url = {https://github.com/SerdarHelli/Segmentation-of-Teeth-in-Panoramic-X-ray-Image-Using-U-Net},
	Note = {The aim of this study is automatic semantic segmentation in one-shot panoramic x-ray image by using deep learning method with U-Net Model and binary image analysis in order to provide diagnostic information for the management of dental disorders, diseases, and conditions.},
	author = {Serdar H.}
}

@incollection{teethinstancesegmentation,
	title = {deep-dental-image},
	editor = {lreboucas},
	year = {2020},
	_url = {https://github.com/IvisionLab/deep-dental-image},
	Note = {Mask R-CNN for instance segmentation of panoramic X-ray images},
	author = {lreboucas}
}


@article{HAL,
	Author = {Nader R., Smorodin A., Fourniere N.},
	Doi = {hal-03671003},
	Editor = {Amouriq Y., Autrusseau F.},
	Journal = {HAL open science},
	Month = may,
	Publisher = {HAL},
	Title = {Automatic teeth segmentation on panoramic X-rays using deep neural networks},
	Url = {https://hal.science/hal-03671003/document},
	Year = {2022}
}

@article{ScienceDirect,
	Author = {Yusra Y. Amer, Musbah J.},
	Editor = {Yusra Y. Amer, Musbah J.},
	Journal = {Procedia Computer Science},
	Publisher = {Science Direct},
	Title = {An Efficient Segmentation Algorithm for Panoramic Dental Images},
	Url = {https://www.sciencedirect.com/science/article/pii/S187705091502846X?via\%3Dihub},
	Year = {2015},
	Volume = 65,
	Pages={718--725}
}

@article{gate,
	Author = {Elif M., Suheda A., Buse Y.},
	Editor = { Dilara O., Caner O., Adem P.},
	Journal = {ResearchGate},
	Title = {Tooth Detection and Numbering with Instance Segmentation in Panoramic Radiographs},
	Url = {https://www.researchgate.net/publication/352226250_Tooth_Detection_and_Numbering_with_Instance_Segmentation_in_Panoramic_Radiographs},
	Month= may,
	Year = {2021}
}

@article{ResearchGate,
	Author = {Caner O., Ahmet K., Adem P.},
	Editor = {Dilara O., Buse Y.},
	Journal = {ResearchGate},
	Title = {Automatic Dental Segmentation Module Supported by Artificial Intelligence for Dentistry Students Education},
	Url = {https://www.researchgate.net/publication/353306237_Automatic_Dental_Segmentation_Module_Supported_by_Artificial_Intelligence_for_Dentistry_Students_Education},
	Month= apr,
	Year = {2021}
}

@incollection{Unetsegmentation,
	title = {Segmentation-of-Teeth-in-Panoramic-X-ray-Image-Using-U-Net},
	editor = {SerdarHelli},
	year = {2024},
	_url = {https://huggingface.co/spaces/SerdarHelli/Segmentation-of-Teeth-in-Panoramic-X-ray-Image-Using-U-Net},
	author = {SerdarHelli}
}

@article{cerelabs,
	Author = {Ramadurai A.},
	Publisher = {Cere Labs},
	Journal = {Medium},
	Title = {Understanding U-Net Architecture For Image Segmentation},
	Url = {https://medium.com/@CereLabs/understanding-u-net-architecture-for-image-segmentation-74bef8caefee},
	Month= dec,
	Year = {2018}
}

@article{children,
	Author = {Zhang Y., Ye F., Chen L.},
	Editor = {Xu F., Chen X., Wu H.},
	Journal = {Scientific Data},
	Title = {Children’s dental panoramic radiographs dataset for caries segmentation and dental disease detection},
	Url = {https://www.nature.com/articles/s41597-023-02237-5},
	Month = jun,
	Year = {2023},
	Volume = 10
}


@article{pubmed,
	Author = {Niels N., Khalid G., Tong X.},
	Editor = {Anindo S., Steven K., Max C.},
	Journal = {PubMed},
	Doi = {10.1186/s12903-024-04129-5},
	IrisId = {PMC10964594},
	Isbn = {38532414},
	Title = {Combining public datasets for automated tooth assessment in panoramic radiographs},
	Url = {https://pubmed.ncbi.nlm.nih.gov/38532414/},
	Month = Mar,
	Year = {2024}
}

@article{gov,
	Author = {Karen P., Rahul R., Aruna R}, 
	Editor = {Shishir P., Sos A.},
	Journal = {IEEE Journal of Biomedical and Health Informatics},
	Doi = {304973},
	Title = {Tufts Dental Database: A Multimodal Panoramic X-Ray Dataset for Benchmarking Diagnostic Systems},
	Url = {https://nij.ojp.gov/library/publications/tufts-dental-database-multimodal-panoramic-x-ray-dataset-benchmarking},
	pages = {1650--1659},
	note = {The Tufts Dental Database, a new X-ray panoramic radiography image database is presented in this paper},
	Month = Apr,
	Year = {2022}
}

@article{nacjd,
	Author = {Richard J., Peer H.}, 
	Editor = {Richard J., Peer H.}, 
	Journal = {nacjd},
	Doi = {10.3886/ICPSR02581.v1},
	Title = {Database for Forensic Anthropology in the United States},
	Url = {https://www.icpsr.umich.edu/web/NACJD/studies/2581/summary},
	Month = mar,
	Year = {2006}
}

@article{gate2,
	Author = {Abdolvahab E., Mohd S.}, 
	Editor = {Hoshang K., Alireza N.},
	Journal = {ResearchGate},
	Doi = {10.1007/s11042-018-6035-0},
	Title = {Automatic computer-aided caries detection from dental x-ray images using intelligent level set},
	Url = {https://www.researchgate.net/publication/325016102_Automatic_computer-aided_caries_detection_from_dental_x-ray_images_using_intelligent_level_set},
	pages = {1--20},
	note = {Multimedia Tools and Applications},
	Month = nov,
	Year = {2018}
}

@article{gate3,
	Author = {Saja D., Muayad A.}, 
	Editor = {Saja D., Muayad A.}, 
	Journal = {ResearchGate},
	Title = {Dental X-Ray Based Human Identification System for Forensic},
	Url = {https://www.researchgate.net/publication/328043317_Dental_X-Ray_Based_Human_Identification_System_for_Forensic},
	Month = oct,
	Year = {2018}
}

@article{gate4,
	Author = {Saja D.},
	Editor = {Saja D.},
	Journal = {ResearchGate},
	Title = {Dental X-Ray Based Human Identification System for Forensic},
	Url = {https://www.researchgate.net/publication/321151728_Dental_X-Ray_Based_Human_Identification_System_for_Forensic},
	Month = jan,
	Year = {2017}
}

@article{iet,
	Author = {Ayse B.}, 
	Editor = {Ayse B.}, 
	Journal = {IET The Insitution of Engineering and Technology},
	Doi = {10.1049/iet-bmt.2017.0078},
	Title = {Human identification with dental panoramic radiographic images},
	Url = {https://ietresearch.onlinelibrary.wiley.com/doi/full/10.1049/iet-bmt.2017.0078},
	pages = {349--355},
	volume = 7,
	note = {IET Biometrics, Research Article},
	Month = nov,
	Year = {2017}
}

@article{academia,
	Author = {Mohamed A.}, 
	Editor = {Mohamed A.}, 
	Journal = {Academia},
	Title = {A System for Human Identification From X-Ray Dental Radiographs},
	Url = {https://www.academia.edu/64680616/A_System_for_Human_Identification_From_X_Ray_Dental_Radiographs},
	note = {Pattern Recognition},
	Year = {2005}
}

@article{scientificreport,
	Author = {Anas A., Daisuke F., Syoji K.}, 
	Editor = {Anas A., Daisuke F., Syoji K.}, 
	Journal = {Scientific Reports},
	Doi = {16542},
	Title = {Teeth and prostheses detection in dental panoramic X-rays using CNN-based object detector and a priori knowledge-based algorithm},
	Url = {https://www.nature.com/articles/s41598-023-43591-z#Sec2},
	volume = 13,
	Month = oct,
	Year = {2023}
}

@article{icdd,
	Author = {Thomas B., Lora B., Martina S.}, 
	Editor = {Thomas B., Lora B., Martina S.}, 
	Journal = {ICDD},
	Doi = {1097-0002},
	Title = {Advances in X-ray Analysis},
	Url = {https://www.icdd.com/axa-allvolumes/},
	volume = {1--39},
	pages = {1957--1995},
	Year = {2023}
}

@article{dentistry,
	Author = {Lead A., Thyroid C.}, 
	Journal = {M Dentistry},
	Title = {Dental x-rays},
	Url = {https://www.dent.umich.edu/patient-care/dental-x-rays},
	Year = {2024}
}

@book{DARE2022,
	author = {Taylor-Weetman K., Wake B., Hyde C.},
	title = {Database of Abstracts of Reviews of Effects (DARE): Quality-assessed Reviews},
	year = {2022},
	isbn = {NBK285222},
	publisher = {National Library of Medicine},
	note= {Comparison of panoramic and bitewing radiography for the detection of dental caries: a systematic review of diagnostic tests},
	address = {York, UK, USA}
} 

@article{gate5,
	Author = {Buse Y., Caner O., Yasin Y.},
	Editor = {Adem P.}, 
	Journal = {Computer in Biology and Medicine},
	Doi = {10.1016/j.compbiomed.2022.105547},
	Title = {An enhanced tooth segmentation and numbering according to FDI notation in bitewing radiographs},
	Url = {https://www.researchgate.net/publication/360235098_An_enhanced_tooth_segmentation_and_numbering_according_to_FDI_notation_in_bitewing_radiographs},
	volume = 146,
	Month = apr,
	Year = {2022}
}

@article{gate6,
	Author = {Gil J., Jefferson F., Marco R.},
	Editor = {Kalyf A., Matheus P., Luciano O.}, 
	Journal = {Computer in Biology and Medicine},
	Doi = {10.1109/SIBGRAPI.2018.00058},
	Title = {Deep Instance Segmentation of Teeth in Panoramic X-Ray Images},
	Url = {https://www.researchgate.net/publication/330472299_Deep_Instance_Segmentation_of_Teeth_in_Panoramic_X-Ray_Images},
	volume = 31,
	note = {Conference on Graphics, Patterns and Images (SIBGRAPI)},
	Month = oct,
	Year = {2018}
}

@article{jaw,
	Author = {Mustafa H., Serap K.},
	Editor = {Mustafa H., Serap K.},
	Journal = {Journal of Digital Imaging},
	Doi = {10.1007/s10278-020-00380-8},
	Title = {Jaw and Teeth Segmentation on the Panoramic X-Ray Images for Dental Human Identification},
	Url = {https://link.springer.com/content/pdf/10.1007/s10278-020-00380-8.pdf},
	note = {Society for Imaging Informatics in Medicine 2020},
	Month = aug,
	Year = {2020}
}

@article{gate7,
	Author = {Joao O., Hugo P.},
	Editor = {Joao O., Hugo P.},
	Journal = {ResearchGate},
	Title = {Caries Detection in Panoramic Dental X-ray Images},
	Url = {https://www.researchgate.net/figure/Examples-of-images-of-the-Dental-X-ray-data-set_fig1_225849724},
	Month = nov,
	Year = {2010}
}

@article{springernature,
	Author = {Abdolvahab E., Mohd S., Amjad R.},
	Editor = {Tanzila S.}, 
	Journal = {3D Research},
	Doi = {10.1007/s13319-016-0096-5},
	Title = {Digital Dental X-ray Database for Caries Screening},
	Url = {https://link.springer.com/article/10.1007/s13319-016-0096-5},
	volume = 7,
	Month = jun,
	Year = {2016}
}

@article{sciencedirect2,
	Author = {Peng C., Jianguo Z., Yichuan J.}, 
	Editor = {Yizhuo L., Liang S., Fengling H., },
	Journal = {Journal of Stomatology, Oral and Maxillofacial Surgery},
	Doi = {10.1016/j.jormas.2023.101700},
	Title = {A new dataset of oral panoramic x-ray images and parallel network using transformers for medical image segmentation},
	Url = {https://www.sciencedirect.com/science/article/abs/pii/S246878552300321X},
	volume = 125,
	Month = jun,
	Year = {2024}
}

@article{mendley,
	Author = {Nisrean T.}, 
	Editor ={Nisrean T.},
	Journal = {Mendeley Data},
	Doi = {10.17632/pt5rvhdh22.2},
	Title = {Dataset of dental periapical X-ray},
	Url = {https://data.mendeley.com/datasets/pt5rvhdh22/2},
	version = 2,
	Month = dec,
	Year = {2023}
}

@incollection{maxillomandibular,
	title = {Dental and maxillomandibular incidental findings in panoramic radiography among individuals with mucopolysaccharidosis: a cross-sectional study},
	editor = {Natália C., Lucas G., Roselaine M.}, 
	year = {2024},
	_url = {https://scielo.figshare.com/articles/dataset/Dental_and_maxillomandibular_incidental_findings_in_panoramic_radiography_among_individuals_with_mucopolysaccharidosis_a_cross-sectional_study/20026579},
	author = {Tania M., Carlos F., Isabela A.}
}

@article{zenodo,
	Author = {Ibrahim E.}, 
	Editor ={Ibrahim E.},
	Journal = {Zenodo},
	Title = {DENTEX CHALLENGE 2023},
	Url = {https://zenodo.org/records/7812323},
	Month = apr,
	Year = {2023}
}

@article{reports,
	Author = {Andreas H., Felix V., Sebastian S.},
	Editor ={Rebecca W.,Ulf T.},
	Journal = {Scientific Reports},
	Doi = {s41598-020-60817-6},
	Title = {Automatic human identification based on dental X-ray radiographs using computer vision},
	Url = {https://www.nature.com/articles/s41598-020-60817-6},
	Volume = 10,
	Month = mar,
	Year = {2020}
}

@article{pmc,
	Author = {Young H., Eun-Gyu H., Kug J.},
	Editor ={ Chena L., Sang-Sun H.},
	Journal = {PMC PubMed Central},
	Doi = {PMC9499198},
	IrisId = {34826252},
	Title = {A fully automated method of human identification based on dental panoramic radiographs using a convolutional neural network},
	Url = {https://pmc.ncbi.nlm.nih.gov/articles/PMC9499198/},
	Month = dec,
	Year = {2021}
}

@article{gate8,
	Author = {Anil K.},
	Editor ={Anil K.},
	Journal = {ResearchGate},
	Doi = {10.1016/S0031-3203(04)00042-1},
	Title = {Matching of dental X-ray images for human identification},
	Url = {https://www.researchgate.net/publication/242793080_Matching_of_dental_X-ray_images_for_human_identification1},
	note={Pattern Recognition},
	Month = jul,
	Year = {2004}
}

@article{gate9,
	Author = {Hanaa S., Ahmed A.},
	Editor ={Hanaa S., Ahmed A.},
	Journal = {Journal of Engineering},
	Doi = {10.31026/j.eng.2009.02.11},
	Title = {The Use of Dental Radiographic Image Analysis in Identification of Deceased Individuals},
	Url = {https://www.researchgate.net/publication/282973959_The_Use_of_Dental_Radiographic_Image_Analysis_in_Identification_of_Deceased_Individuals},
	note={ResearchGate},
	Month = jun,
	Year = {2009}
}

@article{gate10,
	Author = {LucianaD., Anderson F. , Rafael G.},
	Editor ={Caroline S.},
	Journal = {ResearchGate},
	Doi = {10.21117/rbol.v5i1.152},
	Title = {Importance of dental records and panoramic radiograph in human identification: a case report},
	Url = {https://www.researchgate.net/publication/324314837_Importance_of_dental_records_and_panoramic_radiograph_in_human_identification_a_case_report},
	Month = feb,
	Year = {2018}
}

@article{ieee,
	Author = {Omaima N., Mohamed A.},
	Editor ={Omaima N., Mohamed A.},
	Journal = { IEEE Transactions on Information Forensics and Security},
	Doi = {10.1109/TIFS.2008.919343},
	Title = {Fusion of Matching Algorithms for Human Identification Using Dental X-Ray Radiographs},
	Url = {https://ieeexplore.ieee.org/abstract/document/4472862/references#references},
	Volume=3,
	pages={223--233},
	Month = may,
	Year = {2008}
}

@article{dentalsciences,
	Author = {Akifumi E. , Atsushi-Doksa L. , Miho S.},  
	Editor ={Takeshi S., Ryuichi K.,  Kana S.},
	Journal = {Journal of Dental Sciences},
	Doi = {10.1109/TIFS.2008.919343},
	Title = {Automatic identification of individuals using deep learning method on panoramic radiographs},
	Url = {https://www.sciencedirect.com/science/article/pii/S1991790222002732},
	Volume=18,
	pages={696--701},
	Month = apr,
	Year = {2023}
}


@article{gate11,
	Author = {Omaima N., Mohamed A.},  
	Editor ={Omaima N., Mohamed A.},
	Journal = {IEEE Transactions on Information Forensics and Security},
	Doi = {10.1109/TIFS.2007.897245},
	Title = {Human Identification From Dental X-Ray Images Based on the Shape and Appearance of the Teeth},
	Url = {https://www.researchgate.net/publication/3455297_Human_Identification_From_Dental_X-Ray_Images_Based_on_the_Shape_and_Appearance_of_the_Teeth},
	Volume=2,
	pages={188--197},
	note = {ResearchGate},
	Month = apr,
	Year = {2023}
}

@incollection{teethdetection,
	title = {Tooth Detection and Numbering with Instance Segmentation in Panoramic Radiographs},
	editor = {SimurgAI Lab},
	year = {2022},
	_url = {https://github.com/simurgailab/tooth-detection-and-numbering-in-panoramic-radiographs},
	Note = {Using of Deep neural networks have recently been used for detection and classification in medical imaging.},
	author = {SimurgAI Lab}
}

@incollection{dentalbiometrics,
	title = {Dental-Biometrics},
	editor = {Pranoy D.},
	year = {2020},
	_url = {https://github.com/devpranoy/Dental-Biometrics},
	Note = {Person Identification based on dental records using Deep Neural Networks. My Btech final year project.},
	author = {Pranoy D.}
}

@article{toothnet,
	Author = {Zhiming C., ChangjianL L., Wenping W.},  
	Editor ={Zhiming C., ChangjianL L., Wenping W.},
	Journal = {The University of Hong Kong},
	Title = {ToothNet: Automatic Tooth Instance Segmentation and Identification from Cone Beam CT Images},
	Url = {https://enigma-li.github.io/projects/toothSeg/paper/toothNet_CVPR2019.pdf},
}

@article{ScienceDirect3,
	Author = {Fei F., Wenchi K.,  Wei W.}, 
	Editor ={Tu L., Yuanyuan L.,Peixi L.}, 
	Journal = {Forensic Science International},
	Doi = {10.1016/j.forsciint.2020.110416},
	Title = {Automatic human identification from panoramic dental radiographs using the convolutional neural network},
	Url = {https://www.sciencedirect.com/science/article/abs/pii/S0379073820302784?via\%3Dihub},
	Volume= 314,
	note = {ScienceDirect},
	Month = sep,
	Year = {2020}
}

@article{gate12,
	Author = {Joao P., Aparecido M., Denise O.}, 
	Editor ={Joao P., Aparecido M., Denise O.}, 
	Journal = {ResearchGate},
	Doi = {10.5772/15466},
	Title = {Dental Biometrics for Human Identification},
	Url = {https://www.researchgate.net/publication/221911528_Dental_Biometrics_for_Human_Identification},
	note = {In book: Biometrics - Unique and Diverse Applications in Nature, Science, and Technology},
	Month = apr,
	Year = {2011}
}

@article{ojp,
	Author = {Diaa M., Hany H. }, 
	Editor = {Diaa M., Hany H. }, 
	Journal = {Pattern Recognition},
	Doi={10.1016/j.patcog.2006.04.046},
	IrisId={241123},
	Title = {Neural Network System for Matching Dental Radiographs},
	Url = {https://www.ojp.gov/ncjrs/virtual-library/abstracts/neural-network-system-matching-dental-radiographs},
	Volume= 40,
	pages={65--79},
	note = {This paper discusses a prototype automated dental identification system for use in postmortem identification.},
	Year = {2007}
}

@incollection{teethrecognition,
	title = {An Authomatic Color Classification Method in 2D Images of Human Teeth Based in machine Learning},
	editor = {Arnold J.},
	year = {2019},
	_url = {https://github.com/Arnold0210/TEETH-RECOGNITION-WITH-MACHINE-LEARNING},
	author = {Arnold J.}
}

@incollection{dentalxray,
	title = {Dental-X-RAY-Image-Detection-and-Instance-Segmentation},
	editor = {Arpan N.},
	year = {2024},
	_url = {https://github.com/arpsn123/Dental-X-RAY-Image-Detection-and-Instance-Segmentation},
	Note = {A comprehensive solution for teeth segmentation on dental X-ray images using the powerful Detectron2 framework. With the increasing demand for automated dental image analysis, accurate segmentation of teeth is crucial for various applications in dentistry, including diagnosis, treatment planning, and research.},
	author = {Arpan N.}
}


@incollection{instanceseg,
	title = {Instance Segmentation and Teeth Classification in Panoramic X-rays},
	editor = {Devichand B.},
	year = {2024},
	_url = {https://github.com/devichand579/Instance_seg_teeth},
	Note = {Code and Dataset for Instance Segmentation and Teeth Classification in Panoramic X-rays},
	author = {Devichand B.}
}

@article{arxiv,
	Author = {Tomas K., Viktor K., Lukas G.}, 
	Editor = {Martin M.}, 
	Doi={2311.07398v2},
	Journal = {Arxiv},
	Title = {Processing and Segmentation of Human Teeth from 2D Images using Weakly Supervised Learning},
	Url = {https://arxiv.org/html/2311.07398v2},
	Month = feb,
	Year = {2024}
}

@article{ScientifcReports,
	Author = {Hu C., Kailai Z., Peijun L.}, 
	Editor = {Hong L., Ludan Z., Ji W.}, 
	Journal = {ScientifcReports},
	IrisId={s41598-019-40414-y},
	Title = {A deep learning approach to automatic teeth detection and numbering based on object detection in dental periapical films},
	Url = {https://www.nature.com/articles/s41598-019-40414-y},
	Volume= 9,
	month= mar,
	Year = {2019}
}

@incollection{alveolar,
	title = {A fully automatic AI system for tooth and alveolar bone segmentation from cone-beam CT images},
	editor = {Zhiming C., Yu F., Lanzhuju M.},
	year = {2024},
	_url = {https://github.com/ErdanC/Tooth-and-alveolar-bone-segmentation-from-CBCT},
	Note = {This repository is for our Nature Communications 2022 paper 'A fully automatic AI system for tooth and alveolar bone segmentation from cone-beam CT images'.},
	author = {Bojun Z., Bo Y., Jiameng L.}
}

@incollection{sanad,
	title = {Dental-Shade-Matching},
	editor = {Sanad S.},
	year = {2020},
	_url = {https://github.com/sanadsadhik/Dental_Shade_Matching},
	Note = {An image processing project using MATLAB to match the tooth shade of patients with the standard set of shades.},
	author = {Sanad S.}
}

@incollection{pasin,
	title = {Evaluation of tooth shape for dental procedure using machine learning approach},
	editor = {Pasin K.},
	year = {2020},
	_url = {https://github.com/pasin-k/tooth-1d},
	Note = {Evaluation of tooth shape for dental procedure using 1D-CNN approach},
	author = {Pasin K.}
}

@incollection{yeditepe,
	title = {Semantic-Segmentation-of-Teeth-in-Panoramic-X-ray-Image},
	editor = {Yeditepe University Medical Imaging Laboratory},
	year = {2022},
	_url = {https://github.com/ImagingYeditepe/Segmentation-of-Teeth-in-Panoramic-X-ray-Image},
	Note = {The aim of this study is automatic semantic segmentation in one-shot panoramic x-ray image by using deep learning methods with U-Net Model and binary image analysis in order to provide diagnostic information for the management of dental disorders, diseases, and conditions.},
	author = {Yeditepe University Medical Imaging Laboratory}
}

@book{springer2019,
	author = {Deven N. , Nimit D. , Ashish M. },
	editor = {Rohit M.},
	title = {Dental Image Processing for Human Identification},
	year = {2019},
	Doi = {10.1007/978-3-319-99471-0},
	publisher = {Springer Nature Link},
	address = {G. H. Patel College of Engineering and Technology, Vallabh Vidyanagar, India}
} 

@article{dentalacademy,
	Author = {Cosma C.}, 
	Editor = {Cosma C.}, 
	Journal = {DentalAcademy},
	Title = {Identificazione di persona con l’odontologia forense},
	Url = {https://www.dentaljournal.it/identificazione-persona-odontologia-forense/},
	Volume= 9,
	month= nov,
	Year = {2020}
}


@article{odontologia,
	Title = {Odontologia forense},
	Url = {https://moodle2.units.it/pluginfile.php/202342/mod_resource/content/1/Odontologia\%20forense\%20senza\%20immagini.pdf},
	month= nov,
	Year = {2022}
}

@article{tracking,
	Author = {Nikhil N.}, 
	Editor = {Nikhil N..}, 
	Journal = {Medium},
	Title = {2D Feature Tracking — Part 3: Feature Matching},
	Url = {https://medium.com/@nikhilnair8490/2d-feature-tracking-part-3-feature-matching-72a1bc8dc58a},
	month= sep,
	Year = {2023}
}

@article{template,
	Journal = {Adaptive Vision},
	Title = {Template Matching},
	Url = {https://docs.adaptive-vision.com/4.7/studio/machine_vision_guide/TemplateMatching.html},
	Year = {2017}
}

@article{GEEKS,
	Journal = {Geeks for Geeks},
	Title = {Feature Matching nella Computer Vision: Tecniche e Applicazioni},
	Url = {https://www.geeksforgeeks.org/feature-matching-in-computer-vision-techniques-and-applications/},
	Year = {2024}
}

@article{Medium,
	Journal = {Medium},
	Title = {Introduction To Feature Detection And Matching},
	Url = {https://medium.com/@deepanshut041/introduction-to-feature-detection-and-matching-65e27179885d},
	Year = {2019}
}






%%%